@article{santos2012state,
  title={State Machine Replication},
  author={Santos, Nuno Filipe de Sousa},
  year={2012},
  publisher={EPFL}
}

@article{dang2016paxos,
  title={Paxos made switch-y},
  author={Dang, Huynh Tu and Canini, Marco and Pedone, Fernando and Soul{\'e}, Robert},
  journal={ACM SIGCOMM Computer Communication Review},
  volume={46},
  number={2},
  pages={18--24},
  year={2016},
  publisher={ACM}
}

@misc{paxos16spec,
  title = {$P4_{16}$ Language Specification},
  author={P4 Language Consortium},
  howpublished = {\url{https://p4.org/p4-spec/docs/P4-16-v1.0.0-spec.pdf}},
  note = {Accessed: 2018-09-15}
}
